%% This BibTeX bibliography file was created using BibDesk.
%% https://bibdesk.sourceforge.io/

%% Created for Dave Woods at 2022-01-23 14:17:19 +0000 


%% Saved with string encoding Unicode (UTF-8) 



@book{LB2020,
	address = {Cambridge, MA.},
	author = {Luca, M. and Bazerman, M. H.},
	date-added = {2022-01-23 14:17:17 +0000},
	date-modified = {2022-01-23 14:17:17 +0000},
	publisher = {MIT Press},
	title = {The Power of Experiments: Decision Making in a Data-Driven World},
	year = {2020}}

@book{xie2015,
	address = {Boca Raton, Florida},
	author = {Yihui Xie},
	edition = {2nd},
	note = {ISBN 978-1498716963},
	publisher = {Chapman and Hall/CRC},
	title = {Dynamic Documents with {R} and knitr},
	url = {http://yihui.org/knitr/},
	year = {2015},
	Bdsk-Url-1 = {http://yihui.org/knitr/}}
